@article{leonardo-jsep2017, 
	author = {Leonardo Humberto Silva and Marco Tulio Valente and Alexandre Bergel and Nicolas Anquetil and Anne Etien}, 
	title = {Identifying Classes in Legacy {JavaScript} Code}, 
	journal = {Journal of Software: Evolution and Process}, 
	doi = {10.1002/smr.1864},
	volume = {1}, 
	number = {1}, 
	year = {2017}, 
	pages = {1--37},  
}

@inproceedings{icsr2017, 
	author = {Leonardo Humberto Silva and Marco Tulio Valente and Alexandre Bergel}, 
	title = {Refactoring Legacy {JavaScript} Code to Use Classes: The Good, The Bad and The Ugly}, 
	booktitle = {16th International Conference on Software Reuse (ICSR)}, 
	doi = {10.1007/978-3-319-56856-0_11},
	year = {2017}, 
	pages = {155--171}, 
}

@inproceedings{sanerera2017, 
	author = {Leonardo Humberto Silva and Marco Tulio Valente and Alexandre Bergel}, 
	title = {Statically Identifying Class Dependencies In Legacy {JavaScript} Systems: First Results}, 
	booktitle = {24th International Conference on Software Analysis, Evolution and Reengineering (SANER)}, 
	doi = {10.1109/SANER.2017.7884647},
	year = {2017}, 
	pages = {427--431}, 
}

@article{miguel2017, 
	author = {Miguel Ramos and Marco Tulio Valente and Ricardo Terra}, 
	title = {{AngularJS} Performance: A Survey Study}, 
	journal = {IEEE Software}, 
	volume = {1}, 
	number = {1}, 
	year = {2017}, 
	pages = {1--11},  
}

@inproceedings{Gao2017,
	author = {Gao, Zheng and Bird, Christian and Barr, Earl T.},
	title = {To Type or Not to Type: Quantifying Detectable Bugs in {JavaScript}},
	booktitle = {39th International Conference on Software Engineering (ICSE)},
	year = {2017},
	isbn = {978-1-5386-3868-2},
	pages = {758--769},
	doi = {10.1109/ICSE.2017.75},
} 

@MastersThesis{odgaard-2014,
	author     =     {Morten Passow Odgaard},
	title     =     {{JavaScript Type Inference Using Dynamic Analysis}},
	school     =     {Aarhus University},
	year     =     {2014},
}

@inproceedings{Hack12a,
 author = {Hackett, Brian and Guo, {Shu\-yu}},
 title = {Fast and Precise Hybrid Type Inference for {JavaScript}},
 booktitle = {33rd ACM SIGPLAN Conference on Programming Language Design and Implementation ({PLDI})},
 year = {2012},
 isbn = {978-1-4503-1205-9},
 pages = {239--250},
 numpages = {12},
 doi = {10.1145/2254064.2254094},
}

@inproceedings{Ande05a,
 author = {Anderson, Christopher and Giannini, Paola and Drossopoulou, Sophia},
 title = {Towards Type Inference for {JavaScript}},
 booktitle = {19th European Conference on Object-Oriented Programming ({ECOOP})},
 year = {2005},
 isbn = {3-540-27992-X, 978-3-540-27992-1},
 pages = {428--452},
 numpages = {25},
 doi = {10.1007/11531142_19},
 publisher = {Springer-Verlag},
}

@inproceedings{Sangal2005,
 author = {Sangal, Neeraj and Jordan, Ev and Sinha, Vineet and Jackson, Daniel},
 title = {Using Dependency Models to Manage Complex Software Architecture},
 booktitle = {20th Annual ACM SIGPLAN Conference on Object-oriented Programming, Systems, Languages, and Applications ({OOPSLA})},
 year = {2005},
 isbn = {1-59593-031-0},
 pages = {167--176},
 numpages = {10},
 doi = {10.1145/1094811.1094824},
}

@inproceedings{wavi2016,
  author    = {Jonathan Cloutier and
               Segla Kpodjedo and
               Ghizlane El{-}Boussaidi},
  title     = {{WAVI:} {A} reverse engineering tool for web applications},
  booktitle = {24th {IEEE} International Conference on Program Comprehension ({ICPC})},
  pages     = {1--3},
  year      = {2016},
  doi       = {10.1109/ICPC.2016.7503744},
}

@article{hafiz2016,
	title = "Growing a language: An empirical study on how (and why) developers use some recently-introduced and/or recently-evolving {JavaScript} features ",
	journal = "Journal of Systems and Software (JSS)",
	volume = "121",
	number = "",
	pages = "191-208",
	year = "2016",
	issn = "0164-1212",
	doi = "http://dx.doi.org/10.1016/j.jss.2016.04.045",
	author = "Munawar Hafiz and Samir Hasan and Zachary King and Allen Wirfs-Brock"
}

@inproceedings{hudson2016,
	author    = {Hudson Borges and Andre Hora and Marco Tulio Valente},
	title     = {{Understanding the Factors that Impact the
	Popularity of GitHub Repositories}},
	booktitle = {32nd International Conference on Software Maintenance and Evolution (ICSME)},
	year      = {2016},
	pages     = {1--10},  
}

@inproceedings{jiabin2016,
  author    = {Jiabin Ye and
               Cheng Zhang and
               Lei Ma and
               Haibo Yu and
               Jianjun Zhao},
  title     = {Efficient and Precise Dynamic Slicing for Client-Side {JavaScript} Programs},
  booktitle = {{IEEE} 23rd International Conference on Software Analysis, Evolution,
               and Reengineering, {SANER}},
  pages     = {449--459},
  year      = {2016},
  doi       = {10.1109/SANER.2016.96},
}

@inproceedings{rostami2016,
	author = {Rostami, Shahriar and Eshkevari, Laleh and Mazinanian, Davood and Tsantalis, Nikolaos},
	title = {Detecting Function Constructors in {JavaScript}},
	booktitle = {32nd IEEE International Conference on Software Maintenance and Evolution (ICSME ERA)},
	year = {2016},
	numpages = {5},
}

@misc{js-definegetters,
	title = {Working with objects},
	howpublished = {\url{https://developer.mozilla.org/en-US/docs/Web/JavaScript/Guide/Working_with_Objects#Defining_getters_and_setters}},
	note = {Accessed: 2016-10-03}
}

@misc{js-class-fields,
	title = {Proposal for public class fields in {ECMAScript}},
	howpublished = {\url{https://github.com/tc39/proposal-class-public-fields}},
	note = {Accessed: 2016-09-30}
}

@misc{js-eslint,
	title = {{ESLint} - {T}he pluggable linting utility for {JavaScript} and {JSX}},
	howpublished = {\url{http://eslint.org/}},
	note = {Accessed: 2016-10-03}
}

@misc{js-classes,
	title = {{JavaScript} Classes},
	howpublished = {\url{https://developer.mozilla.org/en/docs/Web/JavaScript/Reference/Classes}},
	note = {Accessed: 2016-09-23}
}

@misc{js-super,
	title = {{JavaScript} super},
	howpublished = {\url{https://developer.mozilla.org/en-US/docs/Web/JavaScript/Reference/Operators/super}},
	note = {Accessed: 2016-09-30}
}

@misc{GitHut,
	title = {{GitHut} - A small place to discover languages on {GitHub}},
	howpublished = {\url{http://githut.info/}},
	note = {Accessed: 2015-12-22}
}

@misc{strict-mode-transition,
	title = {Transitioning to strict mode},
	howpublished = {\url{https://developer.mozilla.org/en-US/docs/Web/JavaScript/Reference/Strict_mode/Transitioning_to_strict_mode}},
	note = {Accessed: 2016-09-22}
}

@inproceedings{mesbah-esem2015,
	author = {Gallaba, Keheliya and Mesbah, Ali and Beschastnikh, Ivan},
	title = {Don't Call Us, We'll Call You: Characterizing Callbacks in {JavaScript}},
	booktitle = {9th ACM/IEEE International Symposium on Empirical Software Engineering and Measurement (ESEM)},
	pages = {247--256},
	year = {2015},
}

@inproceedings{aran-2015,
	author = {Christophe, Laurent and De Roover, Coen and De Meuter, Wolfgang},
	title = {{Poster: Dynamic} Analysis Using {JavaScript} Proxies},
	booktitle = {{37th International Conference on Software Engineering (ICSE)}},
	year = {2015},
	pages = {813--814},
} 

@inproceedings{alimadadi-ecoop2015,
	author ={Saba Alimadadi and Ali Mesbah and Karthik Pattabiraman},
	title ={Hybrid {DOM-Sensitive} Change Impact Analysis for {JavaScript}},
	booktitle ={29th European Conference on Object-Oriented Programming (ECOOP)},
	pages ={321--345},
	year ={2015},
	volume ={37},
}

@inproceedings{silva-cbsoft2015, 
	author = {Leonardo Humberto Silva and
	Daniel Hovadick and
	Marco Tulio Valente and
	Alexandre Bergel and
	Nicolas Anquetil and
	Anne Etien}, 
	booktitle = {6th Conference on Software: Theory and Practice (CBSoft), Tools Demonstration Track}, 
	title = {{JSClassFinder}: A Tool to Detect Class-like Structures in {JavaScript}}, 
	year = {2015}, 
	pages = {113--120}
}

@inproceedings{silva-saner2015,
	author    = {Leonardo Humberto Silva and
	Miguel Ramos and
	Marco Tulio Valente and
	Alexandre Bergel and
	Nicolas Anquetil},
	title     = {Does {JavaScript} software embrace classes?},
	booktitle = {22nd {IEEE} International Conference on Software Analysis, Evolution,
	and Reengineering {(SANER)}},
	pages     = {73--82},
	year      = {2015}
}

@inproceedings{nicolay-scam2015, 
	author={Jens Nicolay and Carlos Noguera and Coen De Roover and Wolfgang De Meuter}, 
	booktitle={15th {IEEE} International Working Conference on Source Code Analysis and Manipulation (SCAM)}, 
	title={Detecting Function Purity in {JavaScript}}, 
	pages={101--110},
	year={2015}, 
}

@article{angularjs-2015,
	author = {Jain, Nilesh and Mangal, Priyanka and Mehta, Deepak},
	journal = {Journal of Global Research in Computer Science},
	pages = {17-23},
	title = {{AngularJS}: A Modern {MVC} Framework in {JavaScript}},
	volume = 5,
	year = 2015
}

@misc{ecmascript6,
	title	= {European {A}ssociation for {S}tandardizing {I}nformation and {C}ommunication {S}ystems ({ECMA}). {ECMAScript} {L}anguage {S}pecification, 6th edition},
	howpublished = {\url{http://www.ecma-international.org/ecma-262/6.0/}},
	year = {2015}
}

@inproceedings{tsay2014,
	author = {Tsay, Jason and Dabbish, Laura and Herbsleb, James},
	title = {{Influence of Social and Technical Factors for Evaluating Contribution in GitHub}},
	booktitle = {{36th International Conference on Software Engineering (ICSE)}},
	year = {2014},
	pages = {356--366},
	publisher = {ACM},
}

@inproceedings{nguyen-icse2014,
	author = {Nguyen, Hung Viet and Nguyen, Hoan Anh and Nguyen, Anh Tuan and Nguyen, Tien N.},
	title = {Mining Interprocedural, Data-oriented Usage Patterns in {JavaScript} Web Applications},
	booktitle = {36th International Conference on Software Engineering {(ICSE)}},
	year = {2014},
	pages = {791--802},
} 

@book{nance2014,
	author = {Nance, Christopher},
	title = {TypeScript Essentials},
	year = {2014},
	isbn = {1783985763, 9781783985760},
	publisher = {Packt Publishing},
}

@article{qualitas.class,
  author    = {Ricardo Terra and Luis Fernando Miranda and Marco Tulio Valente and Roberto S. Bigonha},
  title     = {{Q}ualitas.class {C}orpus: A Compiled Version of the {Q}ualitas {C}orpus},
  journal   = {Software Engineering Notes},
  volume    = {38},
  number    = {5}, 
  year      = {2013},
  pages     = {1-4},
}

@inproceedings{jalangi2013,
	author = {Sen, Koushik and Kalasapur, Swaroop and Brutch, Tasneem and Gibbs, Simon},
	title = {Jalangi: A Selective Record-replay and Dynamic Analysis Framework for JavaScript},
	booktitle = {9th Joint Meeting on Foundations of Software Engineering},
	series = {ESEC/FSE 2013},
	year = {2013},
	pages = {488--498},
	numpages = {11},
	publisher = {ACM},
} 

@inproceedings{OcarizaJr:2011,
	author = {Ocariza Jr., Frolin S. and Pattabiraman, Karthik and Zorn, Benjamin},
	title = {{JavaScript} Errors in the Wild: An Empirical Study},
	booktitle = {22nd {IEEE} International Symposium on Software Reliability Engineering (ISSRE)},
	year = {2011},
	pages = {100--109},
	publisher = {IEEE Computer Society},
} 

@inproceedings{guha:2010,
  author    = {Arjun Guha and Claudiu Saftoiu and Shriram Krishnamurthi},
  title     = {The Essence of {JavaScript}},
  booktitle = {24th European Conference on Object-Oriented Programming (ECOOP)},
  year      = {2010},
  pages     = {126--150},
}

@book{stefanov-2010,
	title={{JavaScript} Patterns},
	author={Stefanov, S.},
	year={2010},
	publisher={O'Reilly Media},
	pages={236}
}

@article{fosd2009,
	author    = {Sven Apel and Christian K{\"{a}}stner},
	title     = {{An Overview of Feature-Oriented Software Development}},
	journal   = {{Journal of Object Technology}},
	volume    = {8},
	number    = {5},
	pages     = {49--84},
	year      = {2009},
}

@inproceedings{guha:2009,
	author    = {Arjun Guha and Shriram Krishnamurthi and Trevor Jim},
	title     = {Using static analysis for {Ajax} intrusion detection},
	booktitle = {18th International Conference on World Wide Web (WWW)},
	year      = {2009},
	pages     = {561--570},  
}

@inproceedings{yu:2007,
  author    = {Dachuan Yu and Ajay Chander and Nayeem Islam and Igor Serikov},
  title     = {{JavaScript} instrumentation for browser security},
  booktitle = {34th Symposium on Principles of Programming Languages (POPL)},
  year      = {2007},
  pages     = {237--249},  
}

@inproceedings{vogt:2007,
  author    = {Philipp Vogt and Florian Nentwich and Nenad Jovanovic and Engin Kirda and Christopher Kr{\"{u}}gel and Giovanni Vigna},
  title     = {Cross Site Scripting Prevention with Dynamic Data Tainting and Static  Analysis},
  booktitle = {Network and Distributed System Security Symposium (NDSS)},
  year      = {2007},
}

@inproceedings{feldthaus:2011b,
   author   = {Asger Feldthaus and Todd D. Millstein and Anders M{\o}ller and Max Schafer and Frank Tip},
  title     = {Tool-supported refactoring for {JavaScript}},
  booktitle = {26th Conference on Object-Oriented Programming, Systems, Languages, and Applications (OOPSLA)},
  year      = {2011},
  pages     = {119--138},  
}

@inproceedings{Nederlof:2014,
  author    = {Alex Nederlof and Ali Mesbah and Arie van Deursen},
  title     = {Software engineering for the web: the state of the practice},
  booktitle = {36th International Conference on Software Engineering (ICSE), Companion Proceedings},
  year      = {2014},
  pages     = {4--13},
}

@ARTICLE{Kienle:2010, 
author={H.M. Kienle}, 
journal={IEEE Software}, 
title={It's About Time to Take {JavaScript} (More) Seriously}, 
year={2010}, 
month={May}, 
volume={27}, 
number={3}, 
pages={60-62}, 
}

@inproceedings{feldthaus:2011,
   author              = {Asger Feldthaus and  Todd D. Millstein and  Anders M{\o}ller and Max Sch{\"{a}}fer and Frank Tip},
   title               = {Refactoring towards the good parts of {JavaScript}},
   booktitle           = {26th Conference on Object-Oriented Programming (OOPSLA), Companion Proceedings},
   year                = {2011},
   pages               = {189-190},      
}

@article{zaidman-2013,
  author    = {Andy Zaidman and Nick Matthijssen and Margaret{-}Anne D. Storey and Afrie van Deursen},
  title     = {Understanding {Ajax} applications by connecting client and server-side execution traces},
  journal   = {Empirical Software Engineering},
  year      = {2013},
  volume    = {18},
  number    = {2},
  pages     = {181--218},
}

@INPROCEEDINGS{gama:2012, 
 author={W. Gama and  M.H. Alalfi and J.R. Cordy  and T.R. Dean}, 
 booktitle={14th IEEE International Symposium on Web Systems Evolution (WSE)}, 
 title={Normalizing object-oriented class styles in {JavaScript}}, 
 year={2012}, 
 pages={79-83}, 
}

@INPROCEEDINGS{jsnose, 
	author={A.M. Fard  and  A. Mesbah}, 
	booktitle={13th {IEEE} International Working Conference on Source Code Analysis and Manipulation (SCAM)}, 
	title={{JSNOSE}: Detecting {JavaScript} Code Smells}, 
	year={2013}, 
	pages={116-125}, 
}

@article{Kashyap-JSAI14,
  author    = {Vineeth Kashyap and
               Kyle Dewey and
               Ethan A. Kuefner and
               John Wagner and
               Kevin Gibbons and
               John Sarracino and
               Ben Wiedermann and
               Ben Hardekopf},
  title     = {{JSAI:} Designing a Sound, Configurable, and Efficient Static Analyzer
               for JavaScript},
  journal   = {CoRR},
  year      = {2014},
  volume    = {abs/1403.3996},
  url       = {http://arxiv.org/abs/1403.3996},
  timestamp = {Sat, 25 Oct 2014 20:45:26 +0200},
  biburl    = {http://dblp.uni-trier.de/rec/bib/journals/corr/KashyapDKWGSWH14},
  bibsource = {dblp computer science bibliography, http://dblp.org}
}

@inproceedings{clematis2014,
  author = {Alimadadi, Saba and Sequeira, Sheldon and Mesbah, Ali and Pattabiraman, Karthik},
  title = {Understanding {JavaScript} Event-based Interactions},
  booktitle = {International Conference on Software Engineering (ICSE)},
  pages = {367-377},
  year = {2014},  
}

@inproceedings{jsstudy-esem13,
  added-at = {2014-01-15T00:00:00.000+0100},
  author = {Jr., Frolin S. Ocariza and Bajaj, Kartik and Pattabiraman, Karthik and Mesbah, Ali},
  booktitle = {ESEM},
  pages = {55-64},
  publisher = {IEEE},
  title = {An Empirical Study of Client-Side JavaScript Bugs.},
  year = 2013
}

@conference {SilvaC2013,
	title = {Combining Static and Dynamic Analysis for the Reverse Engineering of Web Applications},
	booktitle = {Proceedings of the 5th ACM SIGCHI Symposium on Engineering Interactive Computing Systems (EICS 2013)},
	year = {2013},
	pages = {107-112},
	publisher = {ACM},
	url = {http://dl.acm.org/citation.cfm?id=2480324},
	author = {C.E. Silva and J.C. Campos},
	editor = {P. Forbrig and P. Dewan and M. Harrison and K. Luyten and C. Santoro and S.D.J. Barbosa}
}

@book{lerner2013ng,
	title={Ng-Book - The Complete Book on {AngularJS}},
	author={Lerner, A.},
	year={2013},
	publisher={Fullstack.io}
}

@inproceedings{fadi:2012,
	author = {Fadi Meawad and Gregor Richards and Flor{\'e}al Morandat  and Jan Vitek},
	title = {Eval Begone!: Semi-automated Removal of Eval from {JavaScript} Programs},
	booktitle = {27th Conference on Object Oriented Programming Systems Languages and Applications (OOPSLA)},
	year = {2012},
	pages = {607--620},
	numpages = {14},
} 

@inproceedings{GamaACD12,
  added-at = {2012-10-23T00:00:00.000+0200},
  author = {Gama, Widd and Alalfi, Manar H. and Cordy, James R. and Dean, Thomas R.},
  title = {Normalizing object-oriented class styles in JavaScript.},
  booktitle = {WSE},
  crossref = {conf/wse/2012},
  editor = {Tilley, Scott R. and Distante, Damiano and Rossi, Gustavo},
  pages = {79-83},
  publisher = {IEEE},
  url = {http://dblp.uni-trier.de/db/conf/wse/wse2012.html#GamaACD12},
  year = 2012
}

@book{wohlin2012,
  author    = {Claes Wohlin and
               Per Runeson and
               Martin H{\"o}st and
               Magnus C. Ohlsson and
               Bj{\"o}rn Regnell},
  title     = {Experimentation in Software Engineering},
  publisher = {Springer},
  year      = {2012},
  isbn      = {978-3-642-29043-5},
  pages     = {I-XXIII, 1-236},
  ee        = {http://dx.doi.org/10.1007/978-3-642-29044-2},
  bibsource = {DBLP, http://dblp.uni-trier.de}
}

@book{MacCaw-2012,
	author = {MacCaw, Alex},
	title = {The Little Book on CoffeeScript},
	year = {2012},
	publisher = {O'Reilly},
} 

@book{Bates-2012,
	author = {Bates, Mark},
	title = {Programming in CoffeeScript},
	year = {2012},
	edition = {1st},
	publisher = {Addison-Wesley},
} 

@inproceedings{Vitek-eval-ECOOP2011,
 author = {Gregor Richards and Christian Hammer  and Brian Burg  and Jan Vitek},
 title = {The Eval That Men Do: A Large-scale Study of the Use of Eval in {JavaScript }Applications},
 booktitle = {25th European Conference on Object-oriented Programming (ECOOP)},
 year = {2011},
 numpages = {27},
} 

@misc{ecmascript51,
   title	= {European {A}ssociation for {S}tandardizing {I}nformation and {C}ommunication {S}ystems ({ECMA}). {ECMA}-262: {ECMAS}cript {L}anguage {S}pecification. Edition 5.1},
	howpublished = {\url{http://www.ecma-international.org/ecma-262/5.1/}},
	note = {Accessed: 2016-09-22},
	year	= {2011}
}

@book{Flanagan2011,
  author    = {David Flanagan},
  title     = {JavaScript: The Definitive Guide},
  publisher = {O'Reilly},
  year      = {2011},
  pages     = {1098}
}

@article{journals-Kienle10,
  author = {Kienle, Holger M.},
  biburl = {http://www.bibsonomy.org/bibtex/29fd552914c953f505532c13fcde92bf6/dblp},
  date = {2010-04-20},
  ee = {http://doi.ieeecomputersociety.org/10.1109/MS.2010.76},
  journal = {IEEE Software},
  keywords = {dblp},
  number = 3,
  pages = {60-62},
  timestamp = {2010-07-21T15:47:28.000+0200},
  title = {It's About Time to Take JavaScript (More) Seriously.},
  url = {http://dblp.uni-trier.de/db/journals/software/software27.html#Kienle10},
  volume = 27,
  year = 2010
}

@inproceedings{Vitek-PLDI-2010,
 author = {Gregor Richards and Sylvain Lebresne and Brian Burg and Jan Vitek},
 title = {An Analysis of the Dynamic Behavior of {JavaScript} Programs},
 booktitle = {Conference on Programming Language Design and Implementation (PLDI)},
  year = {2010},
 pages = {1--12}, 
}

@InProceedings{lazypropagation2010,
	author =       {Simon Holm Jensen and Anders {M\o{}ller} and Peter Thiemann},
	title =        {Interprocedural Analysis with Lazy Propagation},
	booktitle =    {17th International Static Analysis Symposium ({SAS})},
	year =         {2010},
	publisher =    {Springer-Verlag},
}

@inproceedings{Laval2009,
	Author = {Laval, Jannik and Denier, Simon and Ducasse, St\'ephane and Bergel, Alexandre},
	Booktitle = {16th Working Conference on Reverse Engineering ({WCRE})},
	Doi = {10.1109/WCRE.2009.11},
	Isbn = {978-0-7695-3867-9},
	Numpages = {10},
	Pages = {113--122},
	Title = {Identifying Cycle Causes with Enriched Dependency Structural Matrix},
	Year = {2009},
}

@InProceedings{tajs2009,
	author =       {Simon Holm Jensen and Anders M\o{}ller and Peter Thiemann},
	title =        {Type Analysis for {J}ava{S}cript},
	booktitle =    {16th International Static Analysis Symposium ({SAS})},
	year =         {2009},
	publisher =    {Springer-Verlag},
}

@article{CornelissenZDMK09,
  added-at = {2009-12-04T00:00:00.000+0100},
  author = {Cornelissen, Bas and Zaidman, Andy and van Deursen, Arie and Moonen, Leon and Koschke, Rainer},
  biburl = {http://www.bibsonomy.org/bibtex/2159847fe35eec5c22a32ed274786e40a/dblp},
  date = {2009-12-04},
  description = {dblp},
  ee = {http://doi.ieeecomputersociety.org/10.1109/TSE.2009.28},
  interhash = {ef20ae87b10afbfab80ba685559fe10c},
  intrahash = {159847fe35eec5c22a32ed274786e40a},
  journal = {IEEE Trans. Software Eng.},
  keywords = {dblp},
  number = 5,
  pages = {684-702},
  timestamp = {2009-12-04T00:00:00.000+0100},
  title = {A Systematic Survey of Program Comprehension through Dynamic Analysis.},
  url = {http://dblp.uni-trier.de/db/journals/tse/tse35.html#CornelissenZDMK09},
  volume = 35,
  year = 2009
}

@book{Crockford2008,
 author = {Crockford, Douglas},
 title = {{JavaScript}: The Good Parts},
 year = {2008},
 publisher = {O'Reilly},
} 

@inproceedings{MesbahBD08,
  added-at = {2009-01-28T00:00:00.000+0100},
  author = {Mesbah, Ali and Bozdag, Engin and van Deursen, Arie},
  biburl = {http://www.bibsonomy.org/bibtex/2b3efd81bbfd42a7871fda399ca65b599/dblp},
  booktitle = {ICWE},
  crossref = {conf/icwe/2008},
  date = {2009-01-28},
  description = {dblp},
  editor = {Schwabe, Daniel and Curbera, Francisco and Dantzig, Paul},
  ee = {http://dx.doi.org/10.1109/ICWE.2008.24},
  interhash = {2befc80034a05350279f8c304b255172},
  intrahash = {b3efd81bbfd42a7871fda399ca65b599},
  isbn = {978-0-7695-3261-5},
  keywords = {dblp},
  pages = {122-134},
  publisher = {IEEE},
  timestamp = {2009-01-28T00:00:00.000+0100},
  title = {Crawling AJAX by Inferring User Interface State Changes.},
  url = {http://dblp.uni-trier.de/db/conf/icwe/icwe2008.html#MesbahBD08},
  year = 2008
}

@article{concas07tse,
  author = {Concas, Giulio and Marchesi, Michele and Pinna, Sandro and Serra, Nicola},
  biburl = {http://www.bibsonomy.org/bibtex/2f3e4f64ffcd85afec6aceb12609d1d63/michelw},
  doi = {10.1109/TSE.2007.1019},
  interhash = {cfcf61ae3aae750b87fbe3551760c83c},
  intrahash = {f3e4f64ffcd85afec6aceb12609d1d63},
  journal = {IEEE Trans. Software Eng.},
  keywords = {complexity to_read},
  number = 10,
  pages = {687-708},
  timestamp = {2009-11-25T15:27:37.000+0100},
  title = {Power-Laws in a Large Object-Oriented Software System},
  volume = {33},
  year = {2007}
}

@inproceedings{ducasse-icsm2006,
	author    = {St{\'{e}}phane Ducasse and
	Tudor G{\^{\i}}rba and
	Adrian Kuhn},
	title     = {Distribution Map},
	booktitle = {22nd {IEEE} International Conference on Software Maintenance {(ICSM)}},
	pages     = {203--212},
	year      = {2006},
}

@article{discotect2,
  author   	 	= {Bradley R. Schmerl and Jonathan Aldrich and David Garlan and Rick Kazman and Hong Yan},
  title     		= {Discovering Architectures from Running Systems},
  journal   		= {IEEE Transactions on Software Engineering},
  volume    	= {32},
  number    	= {7},
  year      		= {2006},
  pages     	= {454-466},  
}

@book{metricsOO-book,
  author 		= {Michele Lanza and Radu Marinescu},
  title			= {Object-oriented metrics in practice: using software metrics to characterize, evaluate, and improve the design of object-oriented systems},
  year 		= {2006},
  publisher		= {Springer},
}

@inproceedings{Baxter2006,
 author = {Baxter, Gareth and Frean, Marcus and Noble, James and Rickerby, Mark and Smith, Hayden and Visser, Matt and Melton, Hayden and Tempero, Ewan},
 title = {Understanding the shape of Java software},
 booktitle = {Proceedings of the 21st annual ACM SIGPLAN conference on Object-oriented programming systems, languages, and applications},
 series = {OOPSLA '06},
 year = {2006},
 isbn = {1-59593-348-4},
 location = {Portland, Oregon, USA},
 pages = {397--412},
 numpages = {16},
 url = {http://doi.acm.org/10.1145/1167473.1167507},
 doi = {10.1145/1167473.1167507},
 publisher = {ACM},
 keywords = {Java, object-oriented design, power-law distributions}
} 

@inproceedings{Anderson2005,
 author = {Christopher Anderson and Paola Giannini and Sophia Drossopoulou},
 title = {Towards Type Inference for {JavaScript}},
 booktitle = {19th European Conference on Object-Oriented Programming (ECOOP)},
 year = {2005},
 pages = {428--452},
 numpages = {25},
} 

@inproceedings{Nagappan2005,
 author = {Nagappan, Nachiappan and Ball, Thomas},
 title = {Use of Relative Code Churn Measures to Predict System Defect Density},
 booktitle = {27th International Conference on Software Engineering (ICSE)},
 year = {2005},
 isbn = {1-58113-963-2},
 pages = {284--292},
 numpages = {9},
 doi = {10.1145/1062455.1062514},
 publisher = {ACM},
} 

@article{guidechanges, 
  author		= {Zimmermann, T. and Zeller, A. and Weissgerber, P. and Diehl, S.}, 
  journal		= {IEEE Transactions on Software Engineering}, 
  title			= {Mining version histories to guide software changes}, 
  year		= {2005}, 
  volume		= {31}, 
  number		= {6}, 
  pages		= {429-445}, 
}

@inproceedings{ducasse05moose,
 author = {Nierstrasz, Oscar and Ducasse, St{\'e}phane and G\v{\i}rba, Tudor},
 title = {The Story of Moose: An Agile Reengineering Environment},
 booktitle = {10th European Software Engineering Conference Held Jointly with 13th ACM SIGSOFT International Symposium on Foundations of Software Engineering (ESEC/FSE-13)},
 series = {ESEC/FSE-13},
 year = {2005},
 isbn = {1-59593-014-0},
 location = {Lisbon, Portugal},
 pages = {1--10},
 numpages = {10},
 doi = {10.1145/1095430.1081707},
 publisher = {ACM},
 address = {New York, NY, USA},
} 

@article{newman05power,
  author = {Newman, M. E. J.},
  journal = {Contemporary Physics},
  keywords = {math},
  month = {December},
  pages = {323--351},
  posted-at = {2005-11-15 16:50:15},
  title = {Power laws, Pareto distributions and Zipf's law},
  url = {http://arxiv.org/abs/cond-mat/0412004},
  volume = 46,
  year = 2005
}

@inproceedings{dsm,
  author = {Neeraj Sangal and Ev Jordan and Vineet Sinha and Daniel Jackson},
  title = {Using dependency models to manage complex software architecture},
  booktitle	= {20th Conference on Object-Oriented Programming, Systems, Languages, and Applications (OOPSLA)},
  year = {2005},
  pages	= {167-176}, 
}

@inproceedings{discotect,
  author    		= {Hong Yan and David Garlan and Bradley R. Schmerl and Jonathan Aldrich and Rick Kazman},
  title     		= {{DiscoTect}: A System for Discovering Architectures from Running Systems},
  booktitle 	= {26th International Conference on Software Engineering (ICSE)},
  year      		= {2004},
  pages     	= {470-479},  
}

@book{Booch:2004,
	author = {Booch, Grady and Maksimchuk, Robert and Engle, Michael and Young, Bobbi and Conallen, Jim and Houston, Kelli},
	title = {Object-Oriented Analysis and Design with Applications (3rd Edition)},
	year = {2004},
	publisher = {Addison Wesley},
}

@book{Fowler2003,
	author = {Fowler, Martin},
	title = {{UML} Distilled: A Brief Guide to the Standard Object Modeling Language},
	year = {2003},
	edition = {3},
	publisher = {Addison-Wesley}
} 

@inproceedings{riva2002,
 author = {Riva, Claudio and Rodriguez, Jordi Vidal},
 title = {Combining Static and Dynamic Views for Architecture Reconstruction},
 booktitle = {6th European Conference on Software Maintenance and Reengineering},
 series = {CSMR '02},
 year = {2002},
 pages = {47--},
 url = {http://dl.acm.org/citation.cfm?id=872753.873546},
 acmid = {873546},
 publisher = {IEEE Computer Society},
 keywords = {Software Architecture, Reverse Engineering, MSC, Dynamic Analysis, Architecture Reconstruction},
} 

@book{patterns-enterprise,
  author 		= {Martin Fowler},
  title 		= {Patterns of Enterprise Application Architecture},
  year 		= {2002},
  publisher 	= {Addison-Wesley},    
}

@book{wae-conallen-2002,
 author = {Conallen, Jim},
 title = {Building Web Applications with {UML}},
 year = {2002},
 isbn = {0201730383},
 edition = {2nd},
 publisher = {Addison-Wesley},
} 

@inproceedings{sullivan_dsm,
  author 		= {Kevin J. Sullivan and William G. Griswold and Yuanfang Cai and Ben Hallen},
  title 		= {The structure and value of modularity in software design},
  booktitle 	= {9th International Symposium on Foundations of Software Engineering (FSE)},
  year 		= {2001},
  pages 		= {99-108}, 
}

@article{reflexion-model2,
  author    		= {Gail Murphy and David Notkin and Kevin Sullivan},
  title     		= {Software Reflexion Models},
  journal   		= {IEEE Transactions on Software Engineering},
  volume    	= {27},
  number    	= {4},
  year      		= {2001},
  pages     	= {364-380},  
}

@book{fowler99,
  author 		= {Martin Fowler},
  title 		= {Refactoring: improving the design of existing code},
  year 		= {1999},
  publisher		= {Addison-Wesley},
}

@book{designrules,
  author 		= {Carliss Y. Baldwin and Kim B. Clark},
  title 		= {Design Rules: The Power of Modularity},
  year 		= {1999},
  publisher 	= {MIT Press},
}

@article{kruchten95,
  author 		= {Philippe Kruchten},
  title 		= {The 4+1 View Model of Architecture},
  journal 		= {IEEE Software},
  volume 		= {12},
  number 		= {6},
  year 		= {1995}, 
  pages		= {42-50}
}

@inproceedings{reflexion-model,
  author   	 	= {Gail Murphy and David Notkin and Kevin Sullivan},
  title     		= {Software Reflexion Models: Bridging the Gap Between Source and High-Level Models},
  booktitle 	= {3rd Symposium on Foundations of Software Engineering (FSE)},
  year      		= {1995},
  pages     	= {18-28},
}

@article{Kruchten1995,
 author = {Kruchten, Philippe},
 title = {The 4+1 View Model of Architecture},
 journal = {IEEE Softw.},
 issue_date = {November 1995},
 volume = {12},
 number = {6},
 month = nov,
 year = {1995},
 issn = {0740-7459},
 pages = {42--50},
 numpages = {9},
 url = {http://dx.doi.org/10.1109/52.469759},
 doi = {10.1109/52.469759},
 acmid = {625529},
 publisher = {IEEE Computer Society Press},
 address = {Los Alamitos, CA, USA},
} 

@book{gof,
	author 		= {Erich Gamma and Richard Helm and Ralph Johnson and John M. Vlissides},
	title			= {Design Patterns: Elements of Reusable Object-Oriented Software},
	year		= {1994},
	publisher	 	= {Addison-Wesley Professional},
}

@inproceedings{parnas94,
  author    		= {David Lorge Parnas},
  title     		= {Software Aging},
  booktitle 	= {16th International Conference on Software Engineering (ICSE)},
  year      		= {1994},
  pages     	= {279-287},  
}

@article{CK_metrics,
 author = {Chidamber, S. R. and Kemerer, C. F.},
 title = {A Metrics Suite for Object Oriented Design},
 journal = {IEEE Transactions on Software Engineering},
  volume = {20},
 number = {6},
 year = {1994},
 pages = {476--493},
}

@inproceedings{mvc,
  author 		= {G. E. Krasner and S. T. Pope},
  title 		= {A cookbook for using the model--view--controller user interface paradigm in Smalltalk-80},
  booktitle 	= {Journal of Object Oriented Programming},  
  pages 		= {26-49},
  year 		= {1988}
}

@inproceedings{Lieberman:1986,
 author = {Lieberman, Henry},
 title = {Using Prototypical Objects to Implement Shared Behavior in Object-oriented Systems},
 booktitle = {Conference Proceedings on Object-oriented Programming Systems, Languages and Applications},
 series = {OOPLSA '86},
 year = {1986},
 isbn = {0-89791-204-7},
 location = {Portland, Oregon, USA},
 pages = {214--223},
 numpages = {10},
 url = {http://doi.acm.org/10.1145/28697.28718},
 doi = {10.1145/28697.28718},
 acmid = {28718},
 publisher = {ACM},
 address = {New York, NY, USA},
}

@inproceedings{borning:1986,
	author = {Borning, A. H.},
	title = {Classes Versus Prototypes in Object-oriented Languages},
	booktitle = {ACM Fall Joint Computer Conference},
	year= {1986},
	pages = {36--40},
} 

@inproceedings{baxter:oopsla:2006,
 author    = {Baxter, Gareth and Frean, Marcus and Noble, James and Rickerby, Mark and Smith, Hayden and Visser, Matt and Melton, Hayden and Tempero, Ewan},
 title     = {{Understanding the Shape of Java Software}},
 booktitle = {21st Conference on Object-oriented Programming Systems, Languages, and Applications (OOPSLA)},
 year      = {2006},
 pages     = {397--412},
 publisher = {ACM}
} 

@article{louridas:tosem:2008,
 author    = {Louridas, Panagiotis and Spinellis, Diomidis and Vlachos, Vasileios},
 title     = {{Power Laws in Software}},
 year      = {2008},
 pages     = {1--26},
 journal   = {ACM Transactions on Software Engineering and Methodology},
 volume    = {18}
} 

@inproceedings{wheeldon:scam:2003,
  author    = {Wheeldon, Richard and Counsell, Steve},
  title     = {{Power Law Distributions in Class Relationships}},
  booktitle = { International Working Conference on Source Code Analysis and Manipulation},
  year      = {2003},
  pages     = {45--54},
}

@inproceedings{csmrwcre2014b,
  author = {Paloma Oliveira and Marco Tulio Valente and Fernando Lima},
  title = {Extracting Relative Thresholds for Source Code Metrics},
  booktitle = {IEEE Conference on Software Maintenance, Reengineering and Reverse Engineering (CSMR-WCRE)},
  year = {2014},
  pages = {254--263},
  pdf = {http://www.dcc.ufmg.br/~mtov/pub/2014_csmrwcre_thresholds.pdf}
}

@inproceedings{alves:icsm:2010,
  author    = {Alves, Tiago L. and Ypma, Christiaan and Visser, Joost},
  title     = {{Deriving Metric Thresholds from Benchmark Data}},
  booktitle = {International Conference on Software Maintenance (ICSM)},
  year      = {2010},
  pages     = {1--10},  
}

@inproceedings{Palsberg:1991,
	author = {Palsberg, Jens and Schwartzbach, Michael I.},
	title = {Object-oriented Type Inference},
	booktitle = {6th Conference on Object-Oriented Programming Systems, Languages, and Applications {(OOPSLA)}},
	year = {1991},
	pages = {146--161},
	doi = {10.1145/117954.117965},
} 

@inproceedings{connor90,
	author    = {Richard C. H. Connor and
	Alfred L. Brown and
	Quintin I. Cutts and
	Alan Dearle and
	Ronald Morrison and
	John Rosenberg},
	title     = {Type Equivalence Checking in Persistent Object Systems},
	booktitle = {4th International Workshop on Persistent Objects {(POS)}},
	pages     = {154--167},
	year      = {1990},
}

@inproceedings{ungar-oopsla1987,
	author = {Ungar, David and Smith, Randall B.},
	title = {{SELF}: The Power of Simplicity},
	booktitle = {2nd Conference on Object-oriented Programming Systems, Languages and Applications ({OOPSLA})},
	year = {1987},
	pages = {227--242},
	publisher = {ACM},
} 

@inproceedings{borning1986,
	author = {Borning, A. H.},
	title = {Classes Versus Prototypes in Object-oriented Languages},
	booktitle = {Proceedings of 1986 ACM Fall Joint Computer Conference},
	year = {1986},
	pages = {36--40},
	publisher = {IEEE Computer Society Press},
} 

@inproceedings{Parnas1978,
	author = {Parnas, David L.},
	title = {Designing Software for Ease of Extension and Contraction},
	booktitle = {{3rd International Conference on Software Engineering (ICSE)}},
	year = {1978},
	pages = {264--277},
	numpages = {14},
	publisher = {IEEE Press},
}
